%YAML 1.1
%TAG !u! tag:unity3d.com,2011:
--- !u!1 &1132028186573352529
GameObject:
  m_ObjectHideFlags: 0
  m_CorrespondingSourceObject: {fileID: 0}
  m_PrefabInstance: {fileID: 0}
  m_PrefabAsset: {fileID: 0}
  serializedVersion: 6
  m_Component:
  - component: {fileID: 1132028186572927601}
  - component: {fileID: 1132028186572157521}
  - component: {fileID: 1132028186571157649}
  m_Layer: 0
  m_Name: Wall_4
  m_TagString: Untagged
  m_Icon: {fileID: 0}
  m_NavMeshLayer: 0
  m_StaticEditorFlags: 4294967295
  m_IsActive: 1
--- !u!4 &1132028186572927601
Transform:
  m_ObjectHideFlags: 0
  m_CorrespondingSourceObject: {fileID: 0}
  m_PrefabInstance: {fileID: 0}
  m_PrefabAsset: {fileID: 0}
  m_GameObject: {fileID: 1132028186573352529}
  m_LocalRotation: {x: -0, y: -0, z: -0, w: 1}
  m_LocalPosition: {x: 0, y: 0, z: 0}
  m_LocalScale: {x: 1, y: 1, z: 1}
  m_Children:
  - {fileID: 2258066983728051402}
  m_Father: {fileID: 0}
  m_RootOrder: 0
  m_LocalEulerAnglesHint: {x: 0, y: 0, z: 0}
--- !u!33 &1132028186572157521
MeshFilter:
  m_ObjectHideFlags: 0
  m_CorrespondingSourceObject: {fileID: 0}
  m_PrefabInstance: {fileID: 0}
  m_PrefabAsset: {fileID: 0}
  m_GameObject: {fileID: 1132028186573352529}
  m_Mesh: {fileID: 4300000, guid: d3765f9cb8b11204da9a34129d368f6f, type: 3}
--- !u!23 &1132028186571157649
MeshRenderer:
  m_ObjectHideFlags: 0
  m_CorrespondingSourceObject: {fileID: 0}
  m_PrefabInstance: {fileID: 0}
  m_PrefabAsset: {fileID: 0}
  m_GameObject: {fileID: 1132028186573352529}
  m_Enabled: 1
  m_CastShadows: 1
  m_ReceiveShadows: 1
  m_DynamicOccludee: 1
  m_MotionVectors: 1
  m_LightProbeUsage: 1
  m_ReflectionProbeUsage: 1
  m_RenderingLayerMask: 1
  m_RendererPriority: 0
  m_Materials:
  - {fileID: 2100000, guid: 4c53e871afd536b45baa37755579c7a6, type: 2}
  m_StaticBatchInfo:
    firstSubMesh: 0
    subMeshCount: 0
  m_StaticBatchRoot: {fileID: 0}
  m_ProbeAnchor: {fileID: 0}
  m_LightProbeVolumeOverride: {fileID: 0}
  m_ScaleInLightmap: 2
  m_PreserveUVs: 0
  m_IgnoreNormalsForChartDetection: 0
  m_ImportantGI: 0
  m_StitchLightmapSeams: 1
  m_SelectedEditorRenderState: 3
  m_MinimumChartSize: 4
  m_AutoUVMaxDistance: 0.5
  m_AutoUVMaxAngle: 89
  m_LightmapParameters: {fileID: 0}
  m_SortingLayerID: 0
  m_SortingLayer: 0
  m_SortingOrder: 0
--- !u!1001 &1132028185557386642
PrefabInstance:
  m_ObjectHideFlags: 0
  serializedVersion: 2
  m_Modification:
    m_TransformParent: {fileID: 2258066983728051402}
    m_Modifications:
    - target: {fileID: 100000, guid: 1a03d06fd5c04c4479294ef6500daf38, type: 3}
      propertyPath: m_Name
      value: Wall_piece (1)
      objectReference: {fileID: 0}
    - target: {fileID: 100000, guid: 1a03d06fd5c04c4479294ef6500daf38, type: 3}
      propertyPath: m_StaticEditorFlags
      value: 4294967295
      objectReference: {fileID: 0}
    - target: {fileID: 400000, guid: 1a03d06fd5c04c4479294ef6500daf38, type: 3}
      propertyPath: m_LocalPosition.x
      value: 0
      objectReference: {fileID: 0}
    - target: {fileID: 400000, guid: 1a03d06fd5c04c4479294ef6500daf38, type: 3}
      propertyPath: m_LocalPosition.y
      value: 2.38
      objectReference: {fileID: 0}
    - target: {fileID: 400000, guid: 1a03d06fd5c04c4479294ef6500daf38, type: 3}
      propertyPath: m_LocalPosition.z
      value: -0.02
      objectReference: {fileID: 0}
    - target: {fileID: 400000, guid: 1a03d06fd5c04c4479294ef6500daf38, type: 3}
      propertyPath: m_LocalRotation.x
      value: -0.033155207
      objectReference: {fileID: 0}
    - target: {fileID: 400000, guid: 1a03d06fd5c04c4479294ef6500daf38, type: 3}
      propertyPath: m_LocalRotation.y
      value: -0
      objectReference: {fileID: 0}
    - target: {fileID: 400000, guid: 1a03d06fd5c04c4479294ef6500daf38, type: 3}
      propertyPath: m_LocalRotation.z
      value: -0
      objectReference: {fileID: 0}
    - target: {fileID: 400000, guid: 1a03d06fd5c04c4479294ef6500daf38, type: 3}
      propertyPath: m_LocalRotation.w
      value: 0.9994502
      objectReference: {fileID: 0}
    - target: {fileID: 400000, guid: 1a03d06fd5c04c4479294ef6500daf38, type: 3}
      propertyPath: m_RootOrder
      value: 8
      objectReference: {fileID: 0}
    - target: {fileID: 400000, guid: 1a03d06fd5c04c4479294ef6500daf38, type: 3}
      propertyPath: m_LocalEulerAnglesHint.x
      value: -3.8
      objectReference: {fileID: 0}
    - target: {fileID: 400000, guid: 1a03d06fd5c04c4479294ef6500daf38, type: 3}
      propertyPath: m_LocalEulerAnglesHint.y
      value: 0
      objectReference: {fileID: 0}
    - target: {fileID: 400000, guid: 1a03d06fd5c04c4479294ef6500daf38, type: 3}
      propertyPath: m_LocalEulerAnglesHint.z
      value: 0
      objectReference: {fileID: 0}
    - target: {fileID: 400000, guid: 1a03d06fd5c04c4479294ef6500daf38, type: 3}
      propertyPath: m_LocalScale.y
      value: 1.5
      objectReference: {fileID: 0}
    m_RemovedComponents: []
  m_SourcePrefab: {fileID: 100100000, guid: 1a03d06fd5c04c4479294ef6500daf38, type: 3}
--- !u!1001 &5194033688518727586
PrefabInstance:
  m_ObjectHideFlags: 0
  serializedVersion: 2
  m_Modification:
    m_TransformParent: {fileID: 1132028186572927601}
    m_Modifications:
    - target: {fileID: 4121888230673574288, guid: e9f339ab316c5d941b5bfe955bae09b2,
        type: 3}
      propertyPath: m_Name
      value: Wood_wall
      objectReference: {fileID: 0}
    - target: {fileID: 6287774860432630632, guid: e9f339ab316c5d941b5bfe955bae09b2,
        type: 3}
      propertyPath: m_LocalPosition.x
      value: 0
      objectReference: {fileID: 0}
    - target: {fileID: 6287774860432630632, guid: e9f339ab316c5d941b5bfe955bae09b2,
        type: 3}
      propertyPath: m_LocalPosition.y
      value: 0
      objectReference: {fileID: 0}
    - target: {fileID: 6287774860432630632, guid: e9f339ab316c5d941b5bfe955bae09b2,
        type: 3}
      propertyPath: m_LocalPosition.z
      value: 0
      objectReference: {fileID: 0}
    - target: {fileID: 6287774860432630632, guid: e9f339ab316c5d941b5bfe955bae09b2,
        type: 3}
      propertyPath: m_LocalRotation.x
      value: -0
      objectReference: {fileID: 0}
    - target: {fileID: 6287774860432630632, guid: e9f339ab316c5d941b5bfe955bae09b2,
        type: 3}
      propertyPath: m_LocalRotation.y
      value: -0
      objectReference: {fileID: 0}
    - target: {fileID: 6287774860432630632, guid: e9f339ab316c5d941b5bfe955bae09b2,
        type: 3}
      propertyPath: m_LocalRotation.z
      value: -0
      objectReference: {fileID: 0}
    - target: {fileID: 6287774860432630632, guid: e9f339ab316c5d941b5bfe955bae09b2,
        type: 3}
      propertyPath: m_LocalRotation.w
      value: 1
      objectReference: {fileID: 0}
    - target: {fileID: 6287774860432630632, guid: e9f339ab316c5d941b5bfe955bae09b2,
        type: 3}
      propertyPath: m_RootOrder
      value: 0
      objectReference: {fileID: 0}
    - target: {fileID: 6287774860432630632, guid: e9f339ab316c5d941b5bfe955bae09b2,
        type: 3}
      propertyPath: m_LocalEulerAnglesHint.x
      value: 0
      objectReference: {fileID: 0}
    - target: {fileID: 6287774860432630632, guid: e9f339ab316c5d941b5bfe955bae09b2,
        type: 3}
      propertyPath: m_LocalEulerAnglesHint.y
      value: 0
      objectReference: {fileID: 0}
    - target: {fileID: 6287774860432630632, guid: e9f339ab316c5d941b5bfe955bae09b2,
        type: 3}
      propertyPath: m_LocalEulerAnglesHint.z
      value: 0
      objectReference: {fileID: 0}
    m_RemovedComponents: []
  m_SourcePrefab: {fileID: 100100000, guid: e9f339ab316c5d941b5bfe955bae09b2, type: 3}
--- !u!4 &2258066983728051402 stripped
Transform:
  m_CorrespondingSourceObject: {fileID: 6287774860432630632, guid: e9f339ab316c5d941b5bfe955bae09b2,
    type: 3}
  m_PrefabInstance: {fileID: 5194033688518727586}
  m_PrefabAsset: {fileID: 0}
